<?xml version="1.0" encoding="UTF-8" ?><marc:collection xmlns:marc="http://www.loc.gov/MARC21/slim" xmlns:xsi="http://www.w3.org/2001/XMLSchema-instance" xsi:schemaLocation="http://www.loc.gov/MARC21/slim http://www.loc.gov/standards/marcxml/schema/MARC21slim.xsd">
<marc:record><marc:leader>02407cam a2200397 i 4500</marc:leader>
<marc:controlfield tag="001">8854531</marc:controlfield>
<marc:controlfield tag="006">m     o  d s      </marc:controlfield><marc:controlfield tag="007">cr n---munuu||</marc:controlfield><marc:controlfield tag="008">230531s2023    qea     o    s||| ||eng c</marc:controlfield><marc:controlfield tag="005">20231119221149.0</marc:controlfield><marc:datafield tag="035" ind1=" " ind2=" "><marc:subfield code="a">(AU-CaNED)NED275935P787335</marc:subfield></marc:datafield><marc:datafield tag="040" ind1=" " ind2=" "><marc:subfield code="a">QSL:NED</marc:subfield><marc:subfield code="b">eng</marc:subfield><marc:subfield code="e">rda</marc:subfield><marc:subfield code="d">QSL:NED</marc:subfield></marc:datafield><marc:datafield tag="042" ind1=" " ind2=" "><marc:subfield code="a">anuc</marc:subfield></marc:datafield><marc:datafield tag="043" ind1=" " ind2=" "><marc:subfield code="a">u-at-qn</marc:subfield></marc:datafield><marc:datafield tag="245" ind1="0" ind2="0"><marc:subfield code="a">Coastal wetlands for fish :</marc:subfield><marc:subfield code="b">building foundational knowledge to guide effective habitat restoration.</marc:subfield></marc:datafield><marc:datafield tag="264" ind1=" " ind2="1"><marc:subfield code="a">[Brisbane, Qld.] :</marc:subfield><marc:subfield code="b">Department of Environment and Science,</marc:subfield><marc:subfield code="c">2023.</marc:subfield></marc:datafield><marc:datafield tag="300" ind1=" " ind2=" "><marc:subfield code="a">online resource (2 pages)</marc:subfield></marc:datafield><marc:datafield tag="336" ind1=" " ind2=" "><marc:subfield code="a">text</marc:subfield><marc:subfield code="b">txt</marc:subfield><marc:subfield code="2">rdacontent</marc:subfield></marc:datafield><marc:datafield tag="337" ind1=" " ind2=" "><marc:subfield code="a">computer</marc:subfield><marc:subfield code="b">c</marc:subfield><marc:subfield code="2">rdamedia</marc:subfield></marc:datafield><marc:datafield tag="338" ind1=" " ind2=" "><marc:subfield code="a">online resource</marc:subfield><marc:subfield code="b">cr</marc:subfield><marc:subfield code="2">rdacarrier</marc:subfield></marc:datafield><marc:datafield tag="347" ind1=" " ind2=" "><marc:subfield code="a">text file</marc:subfield><marc:subfield code="b">PDF</marc:subfield><marc:subfield code="c">514KB</marc:subfield></marc:datafield><marc:datafield tag="506" ind1="0" ind2=" "><marc:subfield code="a">National edeposit: Available online</marc:subfield><marc:subfield code="f">Unrestricted online access</marc:subfield><marc:subfield code="2">star</marc:subfield><marc:subfield code="5">AU-CaNED</marc:subfield></marc:datafield><marc:datafield tag="520" ind1=" " ind2=" "><marc:subfield code="a">Wetlands provide key ecosystem services, such as water quality improvement, shoreline protection, and nursery habitats for many fish species. However, our understanding of the importance of coastal wetlands in supporting fishlife cycles and population growth remains poorly resolved for many species. Targeted fish habitat research is essential to understand how fish use coastal wetlands to successfully complete their life cycles and sustain healthy populations. Gathering detailed knowledge of the fundamental processes underpinning services that coastal wetlands provide for fish will inform effective management, investment, and activities to protect Queensland's coastal wetland ecosystems. -- Summary.</marc:subfield></marc:datafield><marc:datafield tag="540" ind1=" " ind2=" "><marc:subfield code="a">Licensed under Creative Commons. Attribution 4.0 International (CC BY 4.0)</marc:subfield><marc:subfield code="u">https://creativecommons.org/licenses/by/4.0</marc:subfield><marc:subfield code="5">AU-CaNED</marc:subfield></marc:datafield><marc:datafield tag="650" ind1=" " ind2="0"><marc:subfield code="a">Fishes</marc:subfield><marc:subfield code="x">Habitat</marc:subfield><marc:subfield code="z">Australia</marc:subfield><marc:subfield code="z">Queensland.</marc:subfield></marc:datafield><marc:datafield tag="650" ind1=" " ind2="0"><marc:subfield code="a">Fishes</marc:subfield><marc:subfield code="x">Habitat</marc:subfield><marc:subfield code="z">Queensland.</marc:subfield></marc:datafield><marc:datafield tag="650" ind1=" " ind2="0"><marc:subfield code="a">Marine resources conservation.</marc:subfield></marc:datafield><marc:datafield tag="650" ind1=" " ind2="0"><marc:subfield code="a">Wetlands</marc:subfield><marc:subfield code="z">Australia</marc:subfield><marc:subfield code="z">Queensland.</marc:subfield></marc:datafield><marc:datafield tag="650" ind1=" " ind2="0"><marc:subfield code="a">Wetlands</marc:subfield><marc:subfield code="z">Queensland.</marc:subfield></marc:datafield><marc:datafield tag="650" ind1=" " ind2="7"><marc:subfield code="a">Earth Sciences, Geography, Environment, Planning.</marc:subfield></marc:datafield><marc:datafield tag="655" ind1=" " ind2="0"><marc:subfield code="a">Electronic books</marc:subfield></marc:datafield><marc:datafield tag="710" ind1="1" ind2=" "><marc:subfield code="a">Queensland.</marc:subfield><marc:subfield code="b">Department of Environment and Science,</marc:subfield><marc:subfield code="e">issuing body.</marc:subfield></marc:datafield><marc:datafield tag="856" ind1="4" ind2="0"><marc:subfield code="z">National edeposit</marc:subfield><marc:subfield code="u">https://nla.gov.au/nla.obj-3174041059</marc:subfield><marc:subfield code="x">fulltext</marc:subfield></marc:datafield><marc:datafield tag="856" ind1="4" ind2="2"><marc:subfield code="3">Thumbnail</marc:subfield><marc:subfield code="u">https://nla.gov.au/nla.obj-3174041059-t</marc:subfield></marc:datafield><marc:datafield tag="984" ind1=" " ind2=" "><marc:subfield code="a">ANL:NED</marc:subfield><marc:subfield code="c">8854531 National edeposit collection</marc:subfield></marc:datafield><marc:datafield tag="999" ind1="f" ind2="f"><marc:subfield code="s">0bb98fec-37f9-56e7-bf85-c5e9c9a6f69d</marc:subfield><marc:subfield code="i">a4ed0699-471e-5d27-af6b-26c9ef757370</marc:subfield></marc:datafield></marc:record>
</marc:collection>
